

@article{mohri2008speech,
  title={Speech recognition with weighted finite-state transducers},
  author={Mohri, Mehryar and Pereira, Fernando CN and Riley, Michael},
  journal={Handbook of Speech Processing},
  pages={559--582},
  year={2008}
}


@inproceedings{allauzen2003generalized,
  title={Generalized algorithms for constructing statistical language models},
  author={Allauzen, Cyril and Mohri, Mehryar and Roark, Brian},
  booktitle={Proceedings of the 41st Annual Meeting on Association for Computational Linguistics-Volume 1},
  pages={40--47},
  year={2003},
  organization={Association for Computational Linguistics}
}


@article{katz1987estimation,
  title={Estimation of probabilities from sparse data for the language model component of a speech recognizer},
  author={Katz, Slava},
  journal={Acoustics, Speech and Signal Processing, IEEE Transactions on},
  volume={35},
  number={3},
  pages={400--401},
  year={1987},
  publisher={IEEE}
}


@incollection{mohri2009weighted,
  title={Weighted automata algorithms},
  author={Mohri, Mehryar},
  booktitle={Handbook of weighted automata},
  pages={213--254},
  year={2009},
  publisher={Springer}
}


@article{dixonintroduction,
  title={Introduction to the use of WFSTs in Speech and Language processing},
  author={Dixon, Paul and Furui, Sadaoki}
}


@article{young2006htk,
  title={The HTK book version 3.4},
  author={Young, Steve J and Evermann, Gunnar and Gales, MJF and Kershaw, D and Moore, G and Odell, JJ and Ollason, DG and Povey, D and Valtchev, V and Woodland, PC},
  year={2006},
  publisher={Cambridge University Engineering Department}
}


@inproceedings{garner2008silence,
  title={Silence models in weighted finite-state transducers},
  author={Garner, Philip N},
  booktitle={Proceedings of Interspeech},
  year={2008}
}

@inproceedings{allauzen2004generalized,
  title={A generalized construction of integrated speech recognition transducers},
  author={Allauzen, Cyril and Mohri, Mehryar and Riley, Michael and Roark, Brian},
  booktitle={Acoustics, Speech, and Signal Processing, 2004. Proceedings.(ICASSP'04). IEEE International Conference on},
  volume={1},
  pages={I--761},
  year={2004},
  organization={IEEE}
}

