@book{boyd2004convex,
  title={Convex Optimization},
  author={Boyd, S. and Vandenberghe, L.},
  isbn={9780521833783},
  lccn={03063284},
  series={Berichte {\"u}ber verteilte messysteme},
  url={http://books.google.com/books?id=mYm0bLd3fcoC},
  year={2004},
  publisher={Cambridge University Press}
}

@book{avriel2003nonlinear,
  title={Nonlinear Programming: Analysis and Methods},
  author={Avriel, M.},
  isbn={9780486432274},
  lccn={2003055074},
  series={Dover Books on Computer Science Series},
  url={http://books.google.com/books?id=byF4Xb1QbvMC},
  year={2003},
  publisher={Dover Publications}
}

