
@article{ADempsterEM,
  title={Maximum likelihood from incomplete data via the EM algorithm},
  author={A. Dempster and N. Laird and D. Rubin},
  journal={Roy. Statis. Soc. A},
  pages={vol. 39, no. 1, pp. 1–38},
  year={1977}
}

@article{1977Posit,
  title={Positron emission tomographic images and expectation maximization: A VLSI architecture for multiple iterations per second},
  author={W. Jones, L. Byars, and M. Casey},
  journal={IEEE Trans. Nuclear Sci},
  pages={vol. 35, no. 1, pp. 620–624},
  year={1977}
}

@article{1988Bayes,
  title={Bayesian reconstruction in emission computerized tomography},
  author={Z. Liang and H. Hart},
  journal={IEEE Trans. Nuclear Sci},
  pages={vol. 35, no. 1, pp. 788–792},
  year={1988}
}

@article{2003MC,
  title={An introduction to MCMC for machine learning},
  author={C. Andrieu, N. de Freitas, A. Doucet, and M. Jordan},
  journal={Mach. Learn.},
  pages={vol. 50, no. 1, pp. 5–43},
  year={2003}
}

@book{MCMC,
author={C. Robert and G. Cassela},
year={1999},
title={Monte Carlo Statistical Methods},
publisher={Springer-Verlag}
}

@book{PRML,
author={C.Bishop},
year={2006},
title={Pattern Recongnition and Machine Learning},
publisher={Springer-Verlag}
}

@article{1998RM,
author={R.M. Neal and G.E. Hinton},
title={A view of the EM algorithm that justifies incremental, sparse and other variants},
journal={Learning in Graphical Models},
year={1998}
}

@article{LifeAfter,
  title={The Variational Approximation for Bayesian Inference},
  author={Dimitris G. Tzikas, Aristidis C. Likas, and Nikolaos P. Galatsanos},
  journal={IEEE SIGNAL PROCESSING MAGAZINE},
  pages={vol. 131},
  year={2008}
}

@inproceedings{EMTour,
  title={The EM Algorithm: A Guided Tour},
  author={Christophe Couvreur},
  booktitle={2d IEEE Europen Workshop on Computationaly Intensive Methods in Control and Signal Processing},
  year={1996}
}

@article{EMCov,
  title={On the Convergence Properties of the EM Algorithm},
  author={C.F.Jeff Wu},
  journal={The Annals of Statics},
  pages={vol.11 No.1 pp.95-103},
  year={1983}
}

@article{penalized,
title={On Use of the EM for Penalized Likelihood Estimation},
author={Peter J. Green},
journal={Journal of the Royal Statistical Society. Series B},
year={1990}
}

@article{gentle,
title={A Gentle Introduction to Latent Variable Model and Variational EM Algorithm},
author={J.Sun},
year={2009}
}

@article{1var,
title={Variational methods for inference and learning in graphical models},
author={T.S. Jaakkola},
year={1997},
journal={Ph.D. dissertation, Dept. Elect. Eng. Comp. Sci., MIT}
}

@article{2var,
title={An introduction to variational methods for graphical models},
author={M. Jordan, Z. Gharamani, T. Jaakkola, and L. Saul},
year={1998},
journal={Learning in Graphical Models},
pages={105-162}
}

@article{neal,
title={A view of the EM algorithm that justifies incremental, sparse, and other variants.},
author={Neal.R and Hinton.G},
journal={Learning in Graphical Models},
year={1998}
}

@article{HMM1,
title={Developments and directions in speech recognition and understanding},
author={Janet M. Baker, Li Deng, James Glass, Sanjeev Khudanpur, Chin-Hui Lee, Nelson Morgan, and Douglas O’Shaughnessy},
journal={IEEE SIGNAL PROCESSING MAGAZINE},
year={2009}
}

@article{DNN1,
title = {Deep Neural Networks for Acoustic Modeling in Speech Recognition},
author  = {Geoffrey Hinton and Li Deng and Dong Yu and George Dahl and Abdel-rahman Mohamed and Navdeep Jaitly and Andrew Senior and Vincent Vanhoucke and Patrick Nguyen and Tara Sainath and Brian Kingsbury},
year  = 2012,
journal = {Signal Processing Magazine}
}

@article{HMM2,
title = {Deep Neural Networks for Acoustic Modeling in Speech Recognition},
author  = {GeoffreyJaitly,Li Deng, Yu Dong, Andrew Senior, Vincent Vanhoucke,Abdel-rahman Mohamed, Navdeep, Patrick Nguyen, Tara Sainath,and Brian Kingsbury},
year  = 2012,
journal = {IEEE SIGNAL PROCESSING MAGAZINE}
}
@article{EMExtensions,
title = {The EM Algorithm and Extensions},
author = {G. McLachlan and T. Krishnan},
journal = {Wiley},
year = {1997}
}

@ARTICLE{Xu95onconvergence,
    author = {Lei Xu and Michael I. Jordan},
    title = {On Convergence Properties of the EM Algorithm for Gaussian Mixtures},
    journal = {Neural Computation},
    year = {1995},
    volume = {8},
    pages = {129--151}
}
